<?xml version="1.0" encoding="UTF-8"?><collection xmlns="http://www.loc.gov/MARC21/slim"><record><leader>00525nam--2200181-i-4500</leader><controlfield tag="001">000032822</controlfield><controlfield tag="002">20161230</controlfield><controlfield tag="005">20161230201039</controlfield><controlfield tag="008">060222s1000------------r-----000-0-ger-d</controlfield><datafield ind1=" " ind2=" " tag="040"><subfield code="a">IFIN-HH</subfield></datafield><datafield ind1=" " ind2=" " tag="041"><subfield code="a">ger</subfield></datafield><datafield ind1=" " ind2=" " tag="080"><subfield code="a">530.145</subfield></datafield><datafield ind1="1" ind2=" " tag="100"><subfield code="a">Mie, Gustav</subfield></datafield><datafield ind1="1" ind2="0" tag="245"><subfield code="a">Die grundlagen der quantentheorie</subfield><subfield code="b">Vortrag in der freiburger naturforschenden gesellschaft am 16 dezember 1925</subfield><subfield code="c">Gustav mie</subfield></datafield><datafield ind1=" " ind2=" " tag="260"><subfield code="a">Freiburg In Baden</subfield><subfield code="b">Speyer &amp; Kaerner</subfield><subfield code="c">1926</subfield></datafield><datafield ind1=" " ind2=" " tag="300"><subfield code="a">38P</subfield></datafield><datafield ind1=" " ind2=" " tag="852"><subfield code="a">486</subfield><subfield code="c">H.H</subfield></datafield><datafield ind1=" " ind2=" " tag="CAT"><subfield code="a">Sys</subfield><subfield code="c">20130321</subfield><subfield code="h">174434</subfield></datafield></record></collection>